%% BGW

@article{bonehfranklin01,
 author = {Boneh, Dan and Franklin, Matthew},
 title = {Efficient Generation of Shared RSA Keys},
 journal = {Journal of the ACM (JACM)},
 issue_date = {July 2001},
 volume = {48},
 number = {4},
 month = jul,
 year = {2001},
 issn = {0004-5411},
 pages = {702--722},
 numpages = {21},
 url = {http://dl.acm.org/citation.cfm?id=502094},
 doi = {10.1145/502090.502094},
 acmid = {2323252},
 publisher = {ACM},
 address = {New York, NY, USA},
}


@inproceedings{malkinwuboneh99,
    author = {Malkin, Michael and Wu, Thomas and Boneh, Dan },
    title  = {Experimenting with Shared RSA Generation of RSA Keys},
    booktitle = {Proc. NDSS},
	year = {1999},
	numpages = {43--56}
}

@inproceedings{fouquestern01,
    author = {Fouque, Pierre-Alain and Stern, Jaques},
    title = {Fully Distributed Threshold RSA under Standard Assumptions},
    booktitle = {ASIACRYPT},
	year = {2001},
	numpages = {310--330}
}